<collection xmlns="http://www.loc.gov/MARC21/slim">
<record>
  <leader>01850nam0a2200277 i 450 </leader>
  <controlfield tag="001">IT\ICCU\CNCE\015417</controlfield>
  <controlfield tag="005">20041105000000.0</controlfield>
  <datafield tag="012" ind1=" " ind2=" ">
    <subfield code="a">i-re e-i- g.ni Item (3) 1593 (R)</subfield>
    <subfield code="2">fei</subfield>
  </datafield>
  <datafield tag="100" ind1=" " ind2=" ">
    <subfield code="a">19970101d1593        0itac0103    ba</subfield>
  </datafield>
  <datafield tag="101" ind1=" " ind2=" ">
    <subfield code="a">ITA</subfield>
  </datafield>
  <datafield tag="102" ind1=" " ind2=" ">
    <subfield code="a">IT</subfield>
  </datafield>
  <datafield tag="200" ind1="1" ind2=" ">
    <subfield code="a">Ritratto delle indulgenze gratie, stationi, &amp; celesti tesori, concessi dalla santit ̉di n. signore Sisto papa V alle Confraternita del Cordone del serafico padre S. Francesco, erette &amp; aggregate con l&apos;Archiconfraternita ... d&apos;Assisi. Di nouo ristampate ad istanza della Confraternita del detto Cordone, eretta nella chiesa di S. Francesco di Bergamo da quella d&apos;Assisi dipendente</subfield>
  </datafield>
  <datafield tag="210" ind1=" " ind2=" ">
    <subfield code="a">In Bergamo</subfield>
    <subfield code="c">per Comin Ventura</subfield>
    <subfield code="d">1593</subfield>
  </datafield>
  <datafield tag="215" ind1=" " ind2=" ">
    <subfield code="a">84 c.</subfield>
    <subfield code="d">12ʻ</subfield>
  </datafield>
  <datafield tag="620" ind1=" " ind2=" ">
    <subfield code="a">IT</subfield>
    <subfield code="d">Bergamo</subfield>
  </datafield>
  <datafield tag="710" ind1="0" ind2="2">
    <subfield code="a">Confraternita del Cordone di S. Francesco</subfield>
    <subfield code="c"> &lt;Bergamo&gt;</subfield>
    <subfield code="3">IT\ICCU\CNCT\003889</subfield>
  </datafield>
  <datafield tag="702" ind1=" " ind2="0">
    <subfield code="a">Sixtus</subfield>
    <subfield code="c"> &lt;papa</subfield>
    <subfield code="c"> ; 5.&gt;</subfield>
    <subfield code="3">IT\ICCU\CNCA\007469</subfield>
  </datafield>
  <datafield tag="712" ind1="0" ind2="2">
    <subfield code="a">Arciconfraternita dei Cordiglieri</subfield>
    <subfield code="c"> &lt;Assisi&gt;</subfield>
    <subfield code="3">IT\ICCU\CNCT\003883</subfield>
  </datafield>
  <datafield tag="712" ind1="0" ind2="0">
    <subfield code="a">Ventura, Comino</subfield>
    <subfield code="3">IT\ICCU\CNCT\000028</subfield>
    <subfield code="4">650</subfield>
  </datafield>
  <datafield tag="790" ind1=" " ind2="1">
    <subfield code="a">Peretti,</subfield>
    <subfield code="b">Felice</subfield>
    <subfield code="3">IT\ICCU\CNCA\014759</subfield>
    <subfield code="z">Sixtus &lt;papa ; 5.&gt;</subfield>
  </datafield>
  <datafield tag="791" ind1="0" ind2="2">
    <subfield code="a">Archiconfraternitas Gerentium Cordam S. Francisci in Sacro Conventu Assisiensis</subfield>
    <subfield code="3">IT\ICCU\CNCT\003884</subfield>
    <subfield code="z">Arciconfraternita dei Cordiglieri &lt;Assisi&gt;</subfield>
  </datafield>
  <datafield tag="791" ind1="0" ind2="2">
    <subfield code="a">Archiconfraternitas Chordigerorum in Ecclesia S. Francisci Assisiensis</subfield>
    <subfield code="3">IT\ICCU\CNCT\003886</subfield>
    <subfield code="z">Arciconfraternita dei Cordiglieri &lt;Assisi&gt;</subfield>
  </datafield>
  <datafield tag="791" ind1="0" ind2="2">
    <subfield code="a">Archiconfraternita del Cordone</subfield>
    <subfield code="c"> &lt;Assisi&gt;</subfield>
    <subfield code="3">IT\ICCU\CNCT\003888</subfield>
    <subfield code="z">Arciconfraternita dei Cordiglieri &lt;Assisi&gt;</subfield>
  </datafield>
  <datafield tag="801" ind1=" " ind2="3">
    <subfield code="a">IT</subfield>
    <subfield code="b">ICCU</subfield>
    <subfield code="c">20201114</subfield>
  </datafield>
  <datafield tag="899" ind1=" " ind2=" ">
    <subfield code="a">Biblioteca civica A. Mai. Bergamo</subfield>
    <subfield code="1">BG0026</subfield>
    <subfield code="2">LO1 02</subfield>
  </datafield>
  <datafield tag="921" ind1=" " ind2=" ">
    <subfield code="a">IT\ICCU\CNCM\000554</subfield>
    <subfield code="b">Fortuna (donna in mare su delfino con vela al vento). Sole sullo sfondo.</subfield>
    <subfield code="e">Bona fortunae</subfield>
    <subfield code="c">A34</subfield>
    <subfield code="c">Z573</subfield>
    <subfield code="d">Dimensioni: 3,9 x 4,8</subfield>
    <subfield code="f">BONAFORTUN</subfield>
    <subfield code="f">DELFINO</subfield>
    <subfield code="f">FORTUNA</subfield>
    <subfield code="f">SOLE</subfield>
    <subfield code="f">VELA</subfield>
    <subfield code="g">1580-1600</subfield>
  </datafield>
</record>
</collection>
